@comment Please use:
@comment https://irl.github.io/bibwiki/
@comment when generating Wikipedia entriees for this DB file!

@misc{ wiki:Link_Layer_Discovery_Protocol,
    author = "Wikipedia",
    title = "{Link Layer Discovery Protocol} --- {W}ikipedia{,} The Free Encyclopedia",
    year = "2017",
    howpublished = {\url{http://en.wikipedia.org/w/index.php?title=Link\%20Layer\%20Discovery\%20Protocol&oldid=755990989}},
    note = "[Online; accessed 04-June-2017]"
}

@misc{ wiki:Cisco_Discovery_Protocol,
    author = "Wikipedia",
    title = "{Cisco Discovery Protocol} --- {W}ikipedia{,} The Free Encyclopedia",
    year = "2017",
    howpublished = {\url{http://en.wikipedia.org/w/index.php?title=Cisco\%20Discovery\%20Protocol&oldid=779112658}},
    note = "[Online; accessed 04-June-2017]"
}

@misc{ wiki:CDP_Spoofing,
    author = "Wikipedia",
    title = "{CDP Spoofing} --- {W}ikipedia{,} The Free Encyclopedia",
    year = "2017",
    howpublished = {\url{http://en.wikipedia.org/w/index.php?title=CDP\%20Spoofing&oldid=740946635}},
    note = "[Online; accessed 04-June-2017]"
}

@misc{ wiki:Simple_Network_Management_Protocol,
	author = "Wikipedia",
	title = "{Simple Network Management Protocol} --- {W}ikipedia{,} The Free Encyclopedia",
	year = "2017",
	howpublished = {\url{http://en.wikipedia.org/w/index.php?title=Simple\%20Network\%20Management\%20Protocol&oldid=783942828}},
	note = "[Online; accessed 05-June-2017]"
}

@misc{ wiki:Category:First-hop_redundancy_protocols,
    author = "Wikipedia",
    title = "{Category:First-hop redundancy protocols} --- {W}ikipedia{,} The Free Encyclopedia",
    year = "2017",
    howpublished = {\url{http://en.wikipedia.org/w/index.php?title=Category\%3AFirst-hop\%20redundancy\%20protocols&oldid=775231579}},
    note = "[Online; accessed 09-June-2017]"
}

@misc{ wiki:Common_Address_Redundancy_Protocol,
   author = "Wikipedia",
   title = "{Common Address Redundancy Protocol} --- {W}ikipedia{,} The Free Encyclopedia",
   year = "2017",
   howpublished = {\url{http://en.wikipedia.org/w/index.php?title=Common\%20Address\%20Redundancy\%20Protocol&oldid=767510512}},
   note = "[Online; accessed 11-June-2017]"
}

@misc{ wiki:ARPANET,
   author = "Wikipedia",
   title = "{ARPANET} --- {W}ikipedia{,} The Free Encyclopedia",
   year = "2017",
   howpublished = {\url{http://en.wikipedia.org/w/index.php?title=ARPANET&oldid=783213190}},
   note = "[Online; accessed 17-June-2017]"
}

@misc{ wiki:Internet_transit,
    author = "Wikipedia",
    title = "{Internet transit} --- {W}ikipedia{,} The Free Encyclopedia",
    year = "2017",
    howpublished = {\url{http://en.wikipedia.org/w/index.php?title=Internet\%20transit&oldid=744538259}},
    note = "[Online; accessed 18-June-2017]"
}

@misc{ wiki:Border_Gateway_Protocol,
    author = "Wikipedia",
    title = "{Border Gateway Protocol} --- {W}ikipedia{,} The Free Encyclopedia",
    year = "2017",
    howpublished = {\url{http://en.wikipedia.org/w/index.php?title=Border\%20Gateway\%20Protocol&oldid=785954244}},
    note = "[Online; accessed 18-June-2017]"
}

@misc{ wiki:IPv6,
    author = "Wikipedia",
    title = "{IPv6} --- {W}ikipedia{,} The Free Encyclopedia",
    year = "2017",
    howpublished = {\url{http://en.wikipedia.org/w/index.php?title=IPv6&oldid=790986104}},
    note = "[Online; accessed 18-July-2017]"
}

@misc{ wiki:Unique_local_address,
    author = "Wikipedia",
    title = "{Unique local address} --- {W}ikipedia{,} The Free Encyclopedia",
    year = "2017",
    howpublished = {\url{http://en.wikipedia.org/w/index.php?title=Unique\%20local\%20address&oldid=791265343}},
    note = "[Online; accessed 19-July-2017]"
}

@misc{ wiki:Solicited-node_multicast_address,
    author = "Wikipedia",
    title = "{Solicited-node multicast address} --- {W}ikipedia{,} The Free Encyclopedia",
    year = "2017",
    howpublished = {\url{http://en.wikipedia.org/w/index.php?title=Solicited-node\%20multicast\%20address&oldid=787116453}},
    note = "[Online; accessed 19-July-2017]"
}

@misc{ wiki:Administrative_distance,
    author = "Wikipedia",
    title = "{Administrative distance} --- {W}ikipedia{,} The Free Encyclopedia",
    year = "2017",
    howpublished = {\url{http://en.wikipedia.org/w/index.php?title=Administrative\%20distance&oldid=799742717}},
    note = "[Online; accessed 18-September-2017]"
}

@misc{ wiki:Enhanced_Interior_Gateway_Routing_Protocol,
    author = "Wikipedia",
    title = "{Enhanced Interior Gateway Routing Protocol} --- {W}ikipedia{,} The Free Encyclopedia",
    year = "2017",
    howpublished = {\url{http://en.wikipedia.org/w/index.php?title=Enhanced\%20Interior\%20Gateway\%20Routing\%20Protocol&oldid=800921738}},
    note = "[Online; accessed 18-September-2017]"
}