@book{froom2015implementing,
    author = "Froom, Richard",
    title = "Implementing Cisco IP switched networks (SWITCH) : foundation learning guide",
    publisher = "Cisco Press",
    year = "2015",
    address = "Indianapolis{,} IN",
    isbn = "978-1-58720-664-1"
}
