@misc{BabelDoe86:online,
    author = {Juliusz Chroboczek},
    title = {Babel Doesn't Care + Slides - BattleMeshV8 - YouTube},
    howpublished = 
    {\url{https://www.youtube.com/watch?v=1zMDLVln3XM&t=10s&ab_channel=AdjyLeak}},
    month = {August},
    year = {2015},
    note = {(Accessed on 02/18/2018)}
}