@misc{JuniperKatz2000:online,
    author = {Dave Katz},
    title = {IS-IS and OSPF - A Comparative Anatomy},
    howpublished = {\url{http://www.nanog.org/meetings/nanog19/presentations/katz.ppt}},
    month = {June},
    year = {2000},
    note = {(Accessed on 02/19/2018)}
}