########################################
#
# DKNOG
#
########################################

########################################
#
# Netnod
#
########################################

########################################
#
# NANOG
#
########################################

########################################
#
# Tech Field Day
#
########################################

########################################
#
# RIPE
#
########################################

@online{
    ripe88:introduction-to-the-dns-root-server-system,
    author = {Jeff Osborn, ISC},
    title = {RIPE 88 - Introduction to the DNS Root Server System},
    howpublished = {\url{https://ripe88.ripe.net/archives/video/1387/}},
    month = {05},
    year = {2024},
    note = {(Accessed on 10/15/2024)}
}